<record><leader>00000cas a22000007a 4500</leader><controlfield tag="001">9963762</controlfield><controlfield tag="008">830929d18941901ksuwr ne      0    0eng d</controlfield><datafield ind1=" " ind2=" " tag="010"><subfield code="a">sn 83040577 </subfield></datafield><datafield ind1=" " ind2=" " tag="040"><subfield code="a">KSH</subfield><subfield code="b">eng</subfield><subfield code="c">KSH</subfield><subfield code="d">NPT</subfield><subfield code="d">OCLCQ</subfield></datafield><datafield ind1=" " ind2=" " tag="042"><subfield code="a">msc</subfield></datafield><datafield ind1=" " ind2=" " tag="043"><subfield code="a">n-us-ks</subfield></datafield><datafield ind1="0" ind2="0" tag="245"><subfield code="a">Powhattan post.</subfield></datafield><datafield ind1=" " ind2=" " tag="260"><subfield code="a">Powhattan, Kan. :</subfield><subfield code="b">Smith Print. Co.,</subfield><subfield code="c">1894-1901.</subfield></datafield><datafield ind1=" " ind2=" " tag="300"><subfield code="a">6 v. :</subfield><subfield code="b">ill. ;</subfield><subfield code="c">38-50 cm.</subfield></datafield><datafield ind1=" " ind2=" " tag="310"><subfield code="a">Weekly</subfield></datafield><datafield ind1="0" ind2=" " tag="362"><subfield code="a">Vol. 1, no. 1 (May 5, 1894)-v. 2, no. 7 (June 15, 1895); v. 2, no. 1 (July 23, 1897)-v. 5, no. 36 (Mar. 22, 1901).</subfield></datafield><datafield ind1=" " ind2=" " tag="515"><subfield code="a">Suspended June 22, 1895-July 16, 1897.</subfield></datafield><datafield ind1=" " ind2=" " tag="525"><subfield code="a">Supplements accompany some issues.</subfield></datafield><datafield ind1=" " ind2=" " tag="752"><subfield code="a">United States</subfield><subfield code="b">Kansas</subfield><subfield code="c">Brown</subfield><subfield code="d">Powhattan.</subfield></datafield><datafield ind1="0" ind2="0" tag="785"><subfield code="t">Brown County republican (Hiawatha, Kan.)</subfield><subfield code="w">(DLC)sn 83040357</subfield></datafield></record>